@inproceedings{langley00,
 author    = {P. Langley},
 title     = {Crafting Papers on Machine Learning},
 year      = {2000},
 pages     = {1207--1216},
 editor    = {Pat Langley},
 booktitle     = {Proceedings of the 17th International Conference
              on Machine Learning (ICML 2000)},
 address   = {Stanford, CA},
 publisher = {Morgan Kaufmann}
}

@misc{ganpaper,
author = {Ian J. Goodfellow et al.,  Jean Pouget-Abadie, Mehdi Mirza, Bing Xu, David Warde-Farley,Sherjil Ozair, Aaron Courville, Yoshua Bengio},
title = {Generative Adversarial Nets},
year = {2014},
}

@misc{perceptual_loss,
author={Justin Johnson et al., Alexandre Alahi, Li Fei-Fei},
title={Perceptual Losses for Real-Time Style Transfer and Super-Resolution},
year= {2016},}

@misc{mnist,
author={Yann LeCun et al., Corinna Cortes, Christopher J.C. Burges},
title={The MNIST database},
year={1998a}, }

@article{yu15lsun,
    Author = {Yu, Fisher and Zhang, Yinda and Song, Shuran and Seff, Ari and Xiao, Jianxiong},
    Title = {LSUN: Construction of a Large-scale Image Dataset using Deep Learning with Humans in the Loop},
    Journal = {arXiv preprint arXiv:1506.03365},
    Year = {2015}
}

@misc{cyclegan,
author = {Jun-Yan Zhu et al., Taesung Park, Phillip Isola, Alexei A. Efros},
title = {Unpaired Image-to-Image Translation using Cycle-Consistent Adversarial Networks},
year={2018}}

@misc{improved_training,
author={Tim Salimans et al., Ian Goodfellow, Wojciech Zaremba, Vicki Cheung, Alec Radford, Xi Chen},
title = {Improved Techniques for Training GANs},
year={2016}}

@misc{dcgan,
author = {Alec Radford \& Luke Metz, Soumith Chintala},
title = {Unsupervised Representation Learning with Deep Convolutional Generative Adversarial Networks},
year = {2016}
}

@misc{towards,
author = {Martin Arjovsky, L\'eon Bottou },
title = {Towards Principled Methods for training Generative Adversarial Networks},
year = {2017}
}

@misc{wgan,
author = {Martin Arjovsky , Soumith Chintala, L\'eon Bottou},
title = {Wasserstein GAN},
year = {2017}
}

@misc{style_transfer,
author = {Leon A. Gatys et al., Alexander S. Ecker, Matthias Bethge},
title = {Image Style Transfer Using Convolutional Neural Networks},
year = {2017}
}
@TechReport{mitchell80,
  author = 	 "T. M. Mitchell",
  title = 	 "The Need for Biases in Learning Generalizations",
  institution =  "Computer Science Department, Rutgers University",
  year = 	 "1980",
  address =	 "New Brunswick, MA",
}

@phdthesis{kearns89,
  author = {M. J. Kearns},
  title =  {Computational Complexity of Machine Learning},
  school = {Department of Computer Science, Harvard University},
  year =   {1989}
}

@Book{MachineLearningI,
  editor = 	 "R. S. Michalski and J. G. Carbonell and T.
		  M. Mitchell",
  title = 	 "Machine Learning: An Artificial Intelligence
		  Approach, Vol. I",
  publisher = 	 "Tioga",
  year = 	 "1983",
  address =	 "Palo Alto, CA"
}

@Book{DudaHart2nd,
  author =       "R. O. Duda and P. E. Hart and D. G. Stork",
  title =        "Pattern Classification",
  publisher =    "John Wiley and Sons",
  edition =      "2nd",
  year =         "2000"
}

@misc{anonymous,
  title= {Suppressed for Anonymity},
  author= {Author, N. N.},
  year= {2018}
}

@InCollection{Newell81,
  author =       "A. Newell and P. S. Rosenbloom",
  title =        "Mechanisms of Skill Acquisition and the Law of
                  Practice", 
  booktitle =    "Cognitive Skills and Their Acquisition",
  pages =        "1--51",
  publisher =    "Lawrence Erlbaum Associates, Inc.",
  year =         "1981",
  editor =       "J. R. Anderson",
  chapter =      "1",
  address =      "Hillsdale, NJ"
}


@Article{Samuel59,
  author = 	 "A. L. Samuel",
  title = 	 "Some Studies in Machine Learning Using the Game of
		  Checkers",
  journal =	 "IBM Journal of Research and Development",
  year =	 "1959",
  volume =	 "3",
  number =	 "3",
  pages =	 "211--229"
}
